<record><leader>00000cas a22000007a 4500</leader><controlfield tag="001">13039463</controlfield><controlfield tag="008">860120d19111931utuwr ne      0    0eng d</controlfield><datafield ind1=" " ind2=" " tag="010"><subfield code="a">sn 86091018 </subfield></datafield><datafield ind1=" " ind2=" " tag="040"><subfield code="a">UNP</subfield><subfield code="b">eng</subfield><subfield code="c">UNP</subfield><subfield code="d">OCLCQ</subfield></datafield><datafield ind1=" " ind2=" " tag="042"><subfield code="a">msc</subfield></datafield><datafield ind1=" " ind2="4" tag="050"><subfield code="a">AN2.U8</subfield><subfield code="b">H44</subfield></datafield><datafield ind1="0" ind2="4" tag="245"><subfield code="a">The Helper times.</subfield></datafield><datafield ind1=" " ind2=" " tag="260"><subfield code="a">Helper, Utah :</subfield><subfield code="b">I.A. Lee,</subfield><subfield code="c">-1931.</subfield></datafield><datafield ind1=" " ind2=" " tag="300"><subfield code="a">v. :</subfield><subfield code="b">ill. ;</subfield><subfield code="c">50 cm.</subfield></datafield><datafield ind1=" " ind2=" " tag="310"><subfield code="a">Weekly</subfield></datafield><datafield ind1="1" ind2=" " tag="362"><subfield code="a">Began in 1911.</subfield><subfield code="z">Ayers, 1913.</subfield></datafield><datafield ind1="0" ind2=" " tag="362"><subfield code="a">-v. 21, no. 32 (Dec. 31, 1931).</subfield></datafield><datafield ind1=" " ind2=" " tag="588"><subfield code="a">Description based on. vol. 9, no. 4 (Mar. 7, 1919).</subfield></datafield><datafield ind1=" " ind2=" " tag="752"><subfield code="a">United States</subfield><subfield code="b">Utah</subfield><subfield code="c">Carbon</subfield><subfield code="d">Helper.</subfield></datafield><datafield ind1="0" ind2="0" tag="785"><subfield code="t">Helper journal</subfield><subfield code="w">(DLC)sn 86091019</subfield><subfield code="w">(OCoLC)13039482</subfield></datafield><datafield ind1="1" ind2=" " tag="029"><subfield code="a">AU@</subfield><subfield code="b">000023564128</subfield></datafield></record>